<?xml version="1.0" encoding="UTF-8"?><collection xmlns="http://www.loc.gov/MARC21/slim"><record><leader>00387nam--2200133-i-4500</leader><controlfield tag="001">000042013</controlfield><controlfield tag="002">20161230</controlfield><controlfield tag="005">20161230201043</controlfield><controlfield tag="008">060222s1000------------r-----000-0-eng-d</controlfield><datafield ind1=" " ind2=" " tag="100"><subfield code="a">Smorodinski,J.A</subfield></datafield><datafield ind1=" " ind2=" " tag="245"><subfield code="a">The nonanalicity of the nonrelativistic scattering amplitude and the potential</subfield></datafield><datafield ind1=" " ind2=" " tag="260"><subfield code="a">Dubna, Inst.For Nuclear Research, 1958. 4 P</subfield></datafield><datafield ind1=" " ind2=" " tag="490"><subfield code="a">Lab Of Th.Ph</subfield></datafield><datafield ind1=" " ind2=" " tag="852"><subfield code="a">12221</subfield></datafield></record></collection>